@article{avery,
title = {Uranium enrichment by gas centrifuge},
author = {Avery, D G and Davies, E},
place = {United Kingdom},
year = {1974},
month = {10}
}

@phdthesis{raetz.phd,
    title = {{Analytische L{\"o}sungen f{\"u}r die Trennleistung von Gaszentrifugen zur Urananreicherung}},
    author ={E. R{\"a}tz},
    school = {{echnical University of Berlin}},
    year = {21983},
    type = {{PhD} dissertation},
}

@article{glaser.2008,
    author = {Alexander Glaser},
    title = {Characteristics of the Gas Centrifuge for Uranium Enrichment and Their Relevance for Nuclear Weapon Proliferation},
    journal = {Science \& Global Security},
    volume = {16},
    number = {1-2},
    pages = {1-25},
    year = {2008},
}

@article{cyclus,
    author = "K.D. Huff and M.J. Gidden and R.W. Carlsen and R.R. Flanagan and
        M.B. McGarry and A.C. Opotowsky and E.A. Schneider and A.M. Scopatz and
        P.P.H. Wilson",
    title = "Fundamental concepts in the Cyclus nuclear fuel cycle simulation framework",
    journal = "Advances in Engineering Software",
    year = "April 2016",
}

@article{ap_news,
author = "J. Gambrell and A. Vahdat",
title = "Iran breaches uranium stockpile limit set by nuclear deal",
journal = "AP News",
year = "July 1, 2019",
url={https://apnews.com/3e2d08074a4f4256ba6ee379cdb168f7},
urldate = "April 8, 2020"
}

@article{jcpoa,
author = "UN Security Council",
title = "{Security Council Resolution 2231}",
year = "July 20, 2015",
url = {https://www.un.org/securitycouncil/content/2231/background},
urldate = "April 8, 2020"
}

@article{origin,
    author = "E. Christensen and P. Huber and P. Jaffke and T. E. Shea",
    title = "Antineutrino Monitoring for Heavy Water Reactors",
    year = "2014",
    journal = "Physical Review Letters",
    volume = "113",
    pages = "042503"
}
